[gd_scene load_steps=8 format=2]

[ext_resource path="res://characters/EggFolower.gd" type="Script" id=1]
[ext_resource path="res://gfx/egg/egg-Sheet.png" type="Texture" id=2]
[ext_resource path="res://sfx/egg_fly.wav" type="AudioStream" id=3]
[ext_resource path="res://sfx/oof.wav" type="AudioStream" id=4]
[ext_resource path="res://sfx/hop.wav" type="AudioStream" id=5]

[sub_resource type="RectangleShape2D" id=1]
extents = Vector2( 3, 3.5 )

[sub_resource type="RectangleShape2D" id=2]
extents = Vector2( 16, 16 )

[node name="EggFolower" type="KinematicBody2D" groups=[
"egg",
]]
input_pickable = true
collision_layer = 17
collision_mask = 2147483650
script = ExtResource( 1 )

[node name="CollisionShape2D" type="CollisionShape2D" parent="."]
position = Vector2( 0, -0.5 )
shape = SubResource( 1 )

[node name="Timer" type="Timer" parent="."]
wait_time = 15.0
one_shot = true

[node name="Sprite" type="Sprite" parent="."]
position = Vector2( 0, -5 )
texture = ExtResource( 2 )
hframes = 5
frame = 1

[node name="Area2D" type="Area2D" parent="."]

[node name="CollisionShape2D2" type="CollisionShape2D" parent="Area2D"]
position = Vector2( 0, -0.5 )
shape = SubResource( 2 )

[node name="VisibilityNotifier2D" type="VisibilityNotifier2D" parent="."]
rect = Rect2( -3, -4, 6, 7 )

[node name="throw" type="AudioStreamPlayer" parent="."]
stream = ExtResource( 3 )
pitch_scale = 2.5

[node name="oof" type="AudioStreamPlayer" parent="."]
stream = ExtResource( 4 )
pitch_scale = 2.5

[node name="hop" type="AudioStreamPlayer" parent="."]
stream = ExtResource( 5 )
pitch_scale = 2.0
[connection signal="mouse_entered" from="." to="." method="_on_EggFolower_mouse_entered"]
[connection signal="mouse_exited" from="." to="." method="_on_EggFolower_mouse_exited"]
[connection signal="timeout" from="Timer" to="." method="_on_Timer_timeout"]
[connection signal="mouse_entered" from="Area2D" to="." method="_on_Area2D_mouse_entered"]
[connection signal="mouse_exited" from="Area2D" to="." method="_on_Area2D_mouse_exited"]
[connection signal="screen_entered" from="VisibilityNotifier2D" to="." method="_on_VisibilityNotifier2D_screen_entered"]
[connection signal="screen_exited" from="VisibilityNotifier2D" to="." method="_on_VisibilityNotifier2D_screen_exited"]
[connection signal="viewport_entered" from="VisibilityNotifier2D" to="." method="_on_VisibilityNotifier2D_viewport_entered"]
[connection signal="viewport_exited" from="VisibilityNotifier2D" to="." method="_on_VisibilityNotifier2D_viewport_exited"]
